<?xml version="1.0" encoding="UTF-8"?><collection xmlns="http://www.loc.gov/MARC21/slim"><record><leader>00400nam--2200133-i-4500</leader><controlfield tag="001">000001174</controlfield><controlfield tag="002">20161230</controlfield><controlfield tag="005">20161230201024</controlfield><controlfield tag="008">060222s1000------------r-----000-0-eng-d</controlfield><datafield ind1=" " ind2=" " tag="080"><subfield code="a">539.14:621.384.6</subfield></datafield><datafield ind1=" " ind2=" " tag="245"><subfield code="a">Recent progress in nuclear physics with tandems, heidelberg, germany, july 18-21,1966. contributed papers</subfield></datafield><datafield ind1=" " ind2=" " tag="260"><subfield code="a">Heidelberg, /F.E.D./1966. 171 P</subfield></datafield><datafield ind1=" " ind2=" " tag="700"><subfield code="a">Hering, W</subfield></datafield><datafield ind1=" " ind2=" " tag="852"><subfield code="a">31506</subfield></datafield></record></collection>